<?xml version="1.0" encoding="UTF-8"?><collection xmlns="http://www.loc.gov/MARC21/slim"><record><leader>00624nam--2200193-u-4500</leader><controlfield tag="001">000054925</controlfield><controlfield tag="002">20161230</controlfield><controlfield tag="005">20170118185446</controlfield><controlfield tag="008">120704s1000------------r-----000-0-eng-d</controlfield><datafield ind1=" " ind2=" " tag="040"><subfield code="a">IFIN-HH</subfield></datafield><datafield ind1=" " ind2=" " tag="080"><subfield code="a">539.18(061.3)</subfield></datafield><datafield ind1="1" ind2=" " tag="100"><subfield code="a">Anderson, E</subfield></datafield><datafield ind1="1" ind2="0" tag="245"><subfield code="a">Sixth International Conference on Atomic Physics</subfield><subfield code="b">Abstracts of contributed papers Riga, August 17-22, 1978</subfield><subfield code="c">E. Anderson, E. Kraukinya, R. Peterkop (eds.)</subfield></datafield><datafield ind1=" " ind2=" " tag="260"><subfield code="a">Riga</subfield><subfield code="b">Urss Academy Of Science</subfield><subfield code="c">1978</subfield></datafield><datafield ind1=" " ind2=" " tag="300"><subfield code="a">2 vol</subfield></datafield><datafield ind1="1" ind2=" " tag="700"><subfield code="a">Peterkop, R</subfield><subfield code="e">Ed</subfield></datafield><datafield ind1="1" ind2=" " tag="787"><subfield code="a">Vol. 2</subfield><subfield code="h">40p</subfield><subfield code="t">Postdeadline Papers</subfield></datafield><datafield ind1=" " ind2=" " tag="852"><subfield code="a">46375</subfield><subfield code="c">539.18</subfield></datafield><datafield ind1=" " ind2=" " tag="CAT"><subfield code="a">SYS</subfield><subfield code="c">20170118</subfield><subfield code="h">185446</subfield></datafield></record></collection>